@misc{csd,
  title = {Communication Service for the Deaf},
  author = {Chris Soukup},
  year  = {2021},
  note  = {\url{https://www.csd.org/}, Last accessed on 2021-05-31},
}

@article{mitchell2006many,
  title={How many people use ASL in the United States? Why estimates need updating},
  author={Mitchell, Ross E and Young, Travas A and Bachelda, Bellamie and Karchmer, Michael A},
  journal={Sign Language Studies},
  volume={6},
  number={3},
  pages={306--335},
  year={2006},
  publisher={JSTOR}
}